@article{c1,
  author    = {F. J. Anscombe},
  title     = {Graphs in Statistical Analysis},
  journal   = {The American Statistician},
  volume    = {27},
  number    = {1},
  pages     = {17-21},
  year      = {1973},
  publisher = {Taylor & Francis},
  doi       = {10.1080/00031305.1973.10478966}
}

@article{c2,
  author  = {Wang, J and Ping, Z},
  year    = {2019},
  month   = {11},
  pages   = {1188-1192},
  title   = {Visualization of frequency distribution},
  volume  = {53},
  journal = {Zhonghua yu fang yi xue za zhi [Chinese journal of preventive medicine]},
  doi     = {10.3760/cma.j.issn.0253-9624.2019.11.023}
}

@inbook{c3,
  author = {Ho, Robert},
  year   = {2017},
  month  = {09},
  pages  = {35-60},
  title  = {Frequency Distributions},
  isbn   = {9781315182452},
  doi    = {10.4324/9781315182452-4}
}

@inbook{c4,
  author = {Schrock, Edward and Lefevre, Henry},
  year   = {2020},
  month  = {11},
  pages  = {167-175},
  title  = {Frequency Distribution Charts},
  isbn   = {9781003065937},
  doi    = {10.1201/9781003065937-23}
}

@inbook{c5,
  author = {Jarvis, Basil},
  year   = {2016},
  month  = {12},
  pages  = {13-45},
  title  = {Frequency distributions},
  isbn   = {9780128039731},
  doi    = {10.1016/B978-0-12-803973-1.00003-6}
}

@inbook{c6,
  author = {Lawal, Bayo},
  year   = {2014},
  month  = {09},
  pages  = {11-31},
  title  = {Frequency Distributions},
  isbn   = {978-3-319-05554-1},
  doi    = {10.1007/978-3-319-05555-8_2}
}

@inbook{c7,
  author = {Herrmann, Helmut and Bucksch, Herbert},
  year   = {2014},
  month  = {01},
  pages  = {},
  title  = {(frequency) distribution},
  doi    = {10.1007/978-3-642-41714-6_63060}
}

@inbook{c8,
  author = {Thiessen, Heiner},
  year   = {2013},
  month  = {05},
  pages  = {216-237},
  title  = {Frequency Distributions},
  isbn   = {9780471968740},
  doi    = {10.1002/9781118685518.ch11}
}

@inbook{c9,
  author = {Gottlieb, Isaac},
  year   = {2012},
  month  = {03},
  pages  = {90-99},
  title  = {Frequency Distributions},
  isbn   = {9780470824733},
  doi    = {10.1002/9781118390498.ch9}
}

@article{c10,
  author  = {S., Manikandan},
  year    = {2011},
  month   = {01},
  pages   = {54-6},
  title   = {Frequency distribution},
  volume  = {2},
  journal = {Journal of pharmacology & pharmacotherapeutics},
  doi     = {10.4103/0976-500X.77120}
}

@inbook{c11,
  author = {Holcomb, Zealure and Cox, Keith},
  year   = {2017},
  month  = {08},
  pages  = {8-10},
  title  = {Frequency Distribution with Percentages},
  isbn   = {9781315225647},
  doi    = {10.4324/9781315225647-4}
}